<record><leader>00000cas a2200000 a 4500</leader><controlfield tag="001">10313267</controlfield><controlfield tag="008">840118d187518uukyuwr ne      0    0eng d</controlfield><datafield ind1=" " ind2=" " tag="010"><subfield code="a">sn 84022179 </subfield></datafield><datafield ind1=" " ind2=" " tag="040"><subfield code="a">NPX</subfield><subfield code="b">eng</subfield><subfield code="c">NPX</subfield><subfield code="d">KNP</subfield><subfield code="d">OCL</subfield><subfield code="d">OCLCQ</subfield></datafield><datafield ind1=" " ind2=" " tag="042"><subfield code="a">msc</subfield></datafield><datafield ind1="0" ind2="4" tag="245"><subfield code="a">The Grayson journal.</subfield></datafield><datafield ind1=" " ind2=" " tag="260"><subfield code="a">Litchfield [i.e. Leitchfield], Ky. :</subfield><subfield code="b">s.n. Harrington</subfield></datafield><datafield ind1=" " ind2=" " tag="300"><subfield code="a">v. ;</subfield><subfield code="c">54 cm.</subfield></datafield><datafield ind1=" " ind2=" " tag="310"><subfield code="a">Weekly</subfield></datafield><datafield ind1="1" ind2=" " tag="362"><subfield code="a">Began in 1875.</subfield><subfield code="z">Cf. Rowell, 1877.</subfield></datafield><datafield ind1=" " ind2=" " tag="500"><subfield code="a">Editors: S.L. Harrington, &lt;1876&gt;; F.H. Thurman, &lt;1877&gt;.</subfield></datafield><datafield ind1=" " ind2=" " tag="588"><subfield code="a">Description based on: Vol. 2, no. 18 (May 25, 1876).</subfield></datafield><datafield ind1=" " ind2="4" tag="651"><subfield code="a">Leitchfield (Ky.)</subfield><subfield code="v">Newspapers.</subfield></datafield><datafield ind1=" " ind2="4" tag="651"><subfield code="a">Grayson County (Ky.)</subfield><subfield code="v">Newspapers.</subfield></datafield><datafield ind1=" " ind2=" " tag="752"><subfield code="a">United States</subfield><subfield code="b">Kentucky</subfield><subfield code="c">Grayson</subfield><subfield code="d">Leitchfield.</subfield></datafield><datafield ind1="1" ind2=" " tag="029"><subfield code="a">AU@</subfield><subfield code="b">000020340024</subfield></datafield></record>